@InProceedings{Fritzson98,
  key =  	"Fritzson98",
  author =	"Peter Fritzson and Vadim Engelson",
  title =	{{Modelica - {A} Unified Object-Oriented Language for
		 System Modelling and Simulation}},
  booktitle =	"ECCOP '98: Proceedings of the 12th European Conference
		 on Object-Oriented Programming",
  publisher =	"Springer-Verlag",
  year = 	"1998",
  pages =	"67--90",
  ISBN = 	"3-540-64737-6",
  URL =  	"http://www.modelica.org/documents/ModelicaSpec32.pdf",
}

@article{FernandezKofman12,
 author = {Fernández, Joaquín and Kofman, Ernesto},
  title = {{A Stand-Alone Quantized State System Solver for Continuous System Simulation.}},
  journal = {Simulation: Transactions of the Society for Modeling and Simulation International},
  year = {2014},
  volume = {90},
  number = {7},
  pages = {782--799},
}



@Article{Tarjan72,
  author =	"R. Tarjan",
  title =	"Depth-first search and linear graph algorithms",
  journal =	"SIAM J.Computing",
  volume =	"1",
  pages =	"146--160",
  year = 	"1972",
  keywords =	"jrnl, SIAM, c1972, c197x, c19xx, maths, graph, graphs,
		 depth first traversal, biconnected, strong, strongly
		 connected, component, components, maximum, maximal,
		 algorithm",
}

@book{CK06,
  author = "Cellier, F.E. and Kofman, E.",
  title = "Continuous System Simulation",
  publisher = "Springer",
  year = "2006",
  address = "New York",
}

@book{SJLA01,
    keywords = {algorithm, cplusplus, graph, perso},
    author = {Siek, Jeremy G. and Lee, Lie-Quan and Lumsdaine, Andrew},
    howpublished = {Paperback},
    isbn = {0201729148},
    publisher = {Addison-Wesley Professional},
    title = {{The Boost Graph Library: User Guide and Reference Manual (C++ In-Depth Series)}},
    month = dec,
    year = {2001}
}

@book{Fritzson:2003:POM:966262,
 author = {Fritzson, Peter},
 title = {Principles of Object-Oriented Modeling and Simulation with Modelica\&\#160;2.1},
 year = {2003},
 isbn = {0471471631},
 publisher = {Wiley-IEEE Computer Society Pr},
}

@inproceedings{elmqvist2005,
  author = {Elmqvist, Hilding and Otter, Martin and Cellier, François E.},
  title = {{Inline Integration: A New Mixed Symbolic\/Numeric Approach for Solving Differential-Algebraic Equation Systems}},
  year = 2005
}

@article{Duff:1978:ITA:355780.355785,
 author = {Duff, I. S. and Reid, J. K.},
 title = {{An Implementation of Tarjan's Algorithm for the Block Triangularization of a Matrix}},
 year = {1978},
 issn = {0098-3500},
 publisher = {ACM},
} 

@book{ROTEST,
  author = {Gennadiy Rozental},
  title = {Boost Test Library},
  howpublished = {Online publication},
  url = {http://www.boost.org/doc/libs/release/libs/test/}
}
  
@article{MMO,
 author = {Joaquín Fernández and Ernesto Kofman},
 title = {Micro-Modelica Language Specification}
}

@book{Schling:2011:BCL:2049814,
 author = {Schling, Boris},
 title = {The Boost C++ Libraries},
 year = {2011},
 isbn = {0982219199, 9780982219195},
 publisher = {XML Press},
}

@article{lsmodelica,
  key = "lsmodelica",
  author = "Federico Bergero, Mariano Botta, Esteban Campostrini and Ernesto Kofman",
  title = {{Efficient Compilation of Large Scale Dynamical Systems}},
}

@inProceedings{BFF12,
 title = {{Simulating Modelica models with a Stand-Alone Quantized State Systems Solver}},
 year = {2012},
 author = {Federico Bergero and Xenofon Floros and Joaqu\'in Fern\'andez and Ernesto Kofman and Francois E. Cellier},
 address = { Munich Germany},
 month = {September},
 publisher = {9th International Modelica Conference - September 2012},
}

@misc{gamma1994design,
  title={Design patterns: elements of reusable object-oriented software},
  author={Gamma, Erich and Helm, Richard and Johnson, Ralph and Vlissides, John},
  journal={1994},
  year={1994},
  publisher={Addison-Wesley}
}

@article{bauer2002introduction,
  title={{Introduction to the GiNaC framework for symbolic computation within the C++ programming language}},
  author={Bauer, Christian and Frink, Alexander and Kreckel, Richard},
  journal={Journal of Symbolic Computation},
  volume={33},
  number={1},
  pages={1--12},
  year={2002},
  publisher={Elsevier}
}

@article{Pan88,

author = {Constantinos C. Pantelides},

title = {{The Consistent Initialization of Differential-Algebraic Systems}},

journal = {SIAM Journal on Scientific and Statistical Computing},

volume = {9},

number = {2},

pages = {213-231},

year = {1988},

}

@Misc{ModelicaCC,
 title = {{ModelicaCC project at SourceForge}},
 note  = {https://sourceforge.net/projects/modelicacc/},
}

@InProceedings{Fri05,
  author = {Peter Fritzson and Peter Aronsson and Hakan Lundvall
	and Kaj Nystrom and Adrian Pop and Levon Saldamli and
	David Broman},
  title = {{The OpenModelica Modeling, Simulation, and Development Environment.}},
  booktitle = {Proceedings of the 46th Conference on Simulation 
	and Modeling (SIMS'05)},
  year = {2005},
  pages = {83-90}
}


@inproceedings{jmod,
  title={{JModelica---an Open Source Platform for Optimization of Modelica Models}},
  author={{\AA}kesson, Johan and G{\"a}fvert, Magnus and Tummescheit, Hubertus},
  booktitle={6th Vienna International Conference on Mathematical Modelling},
  year={2009}
}

@incollection{DASSL,
    address = {New Brunswick, NJ},
    author = {Petzold, L. R.},
    booktitle = {Scientific computing (Montreal, Quebec, 1982)},
    citeulike-article-id = {9121334},
    keywords = {hjb},
    pages = {65--68},
    posted-at = {2011-04-08 13:25:41},
    priority = {2},
    publisher = {IMACS},
    title = {{A description of {D}{A}{S}{S}{L}: a differential/algebraic system solver}},
    year = {1983}
}

 @article{DP80,
title = {{A family of embedded Runge-Kutta formulae}},
journal = "Journal of Computational and Applied Mathematics ",
volume = "6",
number = "1",
pages = "19 - 26",
year = "1980",
note = "",
issn = "0377-0427",
author = "J.R. Dormand and P.J. Prince"
}

@article{sargent1964speed,
  title={Speed-up in chemical engineering design},
  author={Sargent, RWH and Westerberg, AW},
  journal={Trans. Inst. Chem. Eng},
  volume={42},
  pages={190--197},
  year={1964}
}
